@book{interactive_curve_modeling,
author = {M.~Sarfraz},
title = {Interactive Curve Modeling:  {W}ith Applications
to Computer Graphics, Vision, and Image Processing},
publisher = {Springer-Verlag},
city = {London},
year = {2008}}

@article{iga,
author = {T.J.R.~Hughes and J.A.~Cottrell and Y.~Bazilevs},
title = {Isogeometric analysis:  {CAD}, finite elements,
{NURBS}, exact geometry, and mesh refinement},
journal = {Comput. Methods Appl. Mech. Engrg.},
volume = {194},
issue = {39-41},
pages = {4135-4195},
year = {2005}}

@incollection{aflr,
author = {D.L.~Marcum},
title = {Advancing-Front/Local-Reconnection (ALFR) unstructured grid 
generation},
booktitle = {Computational Fluid Dynamics Review}, 
publisher = {World Scientific-Singapore}, 
pages = {p. 140}, 
year = {1998}}

@book{delaunay,
author = {{S.-W.}~Cheng and T.K.~Dey and J.R.~Shewchuk},
title = {Delaunay Mesh Generation},
publisher = {{CRC} Press},
city = {Boca Raton, Florida},
year = {2012}}

@misc{cubit,
title = "CUBIT: Geometry and Mesh Generation Toolkit",
howpublished = "\url{http://cubit.sandia.govi}",
}

@article{bowyer81,
title = "Computing Dirichlet tesselations",
journal = "The Computer Journal",
volume = "24",
issue = "2",
pages = "162-166",
author = "Adrian Bowyer",
year = "1981"
}

@article{watson81,
title = "Computing the n-dimensional Delaunay tesselation with application to Voronoi polytopes",
journal = "The Computer Journal",
volume = "24",
issue = "2",
pages = "167-172",
author = "David Watson",
year = "1981"
}

@article{marcum98,
title = "Advancing-Front/Local-Reconnection (AFLR) Unstructured Grid Generation",
journal = "Computational Fluids Review, World-Scientific",
pages = "140",
author = "David Marcum",
year = "1998"
}
@article{bischoff05,
author = "S Bischoff and L Kobbelt",
title = "Structure Preserving CAD model repair",
year = "2005",
journal = "Eurographics",
volume = "24",
number = "3"
}

@article{hughes05,
author = "T.J.R. Hughes and J.A. Cottrell and Y. Bazilevs",
title = "Isogeometric analysis: CAD, finite elements, NURBS, exact geometry and mesh refinement",
year = "2005",
journal = "Computer Methods in Applied Mechanics and Engineering",
volume = "194",
year = "2005",
pages = "4135-4195"
}

@article{borden10,
author = "M.J. Borden and M.A. Scott and J.A. Evans and T.J.R. Hughes",
title = "Isogeometric finite element data structures based on B`ezier extraction of NURBS",
year = "2010",
journal = "International Journal for Numerical Methods in Engineering",
volume = "87",
pages = "15-47"
}

@article{bazilevs10,
author = "Y. Bazilevs and V.M. Calo and J.A. Cottrell and J.A. Evans and T.J.R. Hughes and S. Lipton and M.A. Scott and T.W. Sederberg",
title = "Isogeometri analysis using T-splines",
year = "2010",
journal = "Computer Methods in Applied Mechanics and Engineering",
volume = "199",
pages = "229-263"
}

@inproceedings{mclaurin12,
author = "David McLaurin",
title = "Automated, Curvature Based Edge-Grid Generation",
year = "2012",
booktitle = "Proceedings of AlaSim 2012",
address = "Huntsville, AL",
organization = "Alabama Modeling and Simulation Council"
}

@article{laug04,
author = "P Laug and H Borouchaki",
title = "Curve Linearization and discretization for meshing composite parametric surfaces",
year = "2004",
journal = "Communication in Numerical Methods in Engineering",
volume = "20",
pages = "869--876"
}

@book{thompson98,
editor = "Joe F Thompson and Bharat K Soni and Nigel P Weatherill",
title = "Handbook of Grid Generation",
year = "1998",
publisher = "CRC Press"
}

@book{casey1888,
editor = "J Casey",
title = "A Sequel to the First Six Books of the Elements of Euclid, Containing and Easy Introduction to Modern Geometry with Numerous Examples",
edition = "Fifth",
address = "Dublin",
publisher = "Hodges, Figgis, \& Co.",
year = "1888"
} 

@book{cormen01,
author = "Thomas Cormen and Charles Leiserson and Ronald Rivest and Clifford Stein",
title = "Introduction to Algorithms",
edition = "2nd",
pages = "327",
year = "2001",
publisher = "The MIT Press"
}

@inbook{brent73,
author = "Richard Brent",
title = "Algorithms for Minimization without Derivatives",
publisher = "Prentice-Hall",
section = "Chapter 4",
year = "1973",
address = "Englewood Cliffs, NJ"
}

@inbook{gray97,
author = "Alfred Gray and Elsa Abbena and Simon Salamon",
title = "Modern Differential Geometry of Curves and Surfaces with Mathematica",
year = "1997",
pages = "111-115",
publisher = "CRC Press",
section = "5.6 Osculating Circles to Plane Curves",
address = "Boca Raton, FL"
}

@inbook{kreyszig91,
author = "E Kreyszig",
title = "Differential Geometry",
year = "1991",
address = "Dover, NY",
pages = "34-36",
section = "12 Principal Normal, Curvature, Osculating Circle",
edition = "1st",
publisher = "Dover Books on Methematics"
}

@article{macklin06,
author = "Paul Macklin and Lohn Lowengrub",
title = "An improved geometry-aware curvature discretization for level set method: Applications to tumor growth",
year = "2006",
journal = "Journal of Computational Physics",
volume = "215",
pages = "392-401"
}

@article{hofer04,
author = "Michael Hofer and Helmut Pottmann",
title = "Energy-minimizing splines in manifold",
year = "2004",
journal = "ACM Transactions on Graphics (TOG) - Proceedings of ACM SIGGRAPH 2004",
volume = "23",
issue = "3",
pages = "284-293"
}

@inproceedings{zehiry10,
author = "Noha El-Zehiry and Leo Grady",
title = "Fast Global Optimization of Curvature",
year = "2010",
booktitle = "Computer Vision and Pattern Recognition, IEEE",
pages = "3257-3264",
address = "Princeton, NJ"
}

@article{ebeida10,
author = "Mohamed Ebeida and Roger Davis and Roland Fruend",
title = "A new fast hybrid adaptive grid generation technique for arbitrary dimensional domains",
year = "2010",
journal = "International Journal for Numerical Methods in Engineering",
volume = "84",
issue = "3",
pages = "305-329"
}

@inproceedings{hermann07,
author = "S Hermann and R Klette",
title = "A Comparative Study on 2D Curvature Estimators",
year = "2007",
booktitle = "International Conference on Computing: Theory and Applications (ICCTA)",
pages = "584-589"
}

@misc{mclaurin10,
author = "David McLaurin",
title = "Automated Point Spacing",
year = "2010",
howpublished = {\url{http://www.simcenter.msstate.edu/docs/solidmesh/automatedpointspacingreport.pdf}},
note = "Online Tutorial"
}

@misc{weissteine,
author = "Eric Weisstein",
title = "Ellipse",
note = "Online Knowledge Base",
howpublished = {\url{http://mathworld.wolfram.com/Ellipse.html}}
}

@article{cuilliere97,
author = "J",
title = "A direct method for the automatic discretization of 3D parametric curves",
year = "1997",
journal = "Computer-Aided Design",
volume = "29",
issue = "9",
pages = "639-647"
}

@article{horng02,
author = "Ji-Hwei Horng and Johnny Li",
title = "An automatic and efficient dynamic programming algorithm for polygonal approximation of digital curves",
journal = "Pattern Recognition Letters",
volume = "23",
issue = "1-3",
year = "2002",
pages = "171-182",
address = "New York, NY"
}

@book{ripley08,
author = "B.D. Ripley",
title = "Pattern Recognition and Neural Networks",
year = "2008",
publisher = "Cambridge University Press"
}

@article{lohner88,
author = "Rainald L{\"{o}}hner and Paresh Parikh",
title = "Generation of Three-Dimentsional Unstructured Grids by the Advancing-Front Method",
journal = "International Journal for Numerical Methods in Fluids",
volume = "8",
pages = "1135-1149",
year = "1988"
}
